<?xml version="1.0" encoding="UTF-8"?><collection xmlns="http://www.loc.gov/MARC21/slim"><record><leader>00671nam--2200193-i-4500</leader><controlfield tag="001">000014254</controlfield><controlfield tag="002">20161230</controlfield><controlfield tag="005">20161230201030</controlfield><controlfield tag="008">060222s1000------------r-----000-0-eng-d</controlfield><datafield ind1=" " ind2=" " tag="020"><subfield code="a">0849337577</subfield></datafield><datafield ind1=" " ind2=" " tag="040"><subfield code="a">IFIN-HH</subfield></datafield><datafield ind1=" " ind2=" " tag="080"><subfield code="a">539.1.08(026):614.876</subfield></datafield><datafield ind1="1" ind2=" " tag="100"><subfield code="a">Brodsky, Allen B</subfield></datafield><datafield ind1="1" ind2="0" tag="245"><subfield code="a">Crc handbook of radiation measurement and protection</subfield><subfield code="b">Section a: general scientific and engineering data vololume 2: biological and mathematical information</subfield></datafield><datafield ind1=" " ind2=" " tag="260"><subfield code="a">Boca Raton, Florida</subfield><subfield code="b">Crc Press, Inc</subfield><subfield code="c">1978</subfield></datafield><datafield ind1=" " ind2=" " tag="300"><subfield code="a">720P</subfield></datafield><datafield ind1=" " ind2=" " tag="490"><subfield code="a">Crc Handbook Of Radiation Measurement And Protection</subfield></datafield><datafield ind1=" " ind2=" " tag="852"><subfield code="a">70474</subfield><subfield code="c">539.1.07:539.1.08</subfield></datafield><datafield ind1=" " ind2=" " tag="CAT"><subfield code="a">Sys</subfield><subfield code="c">20111031</subfield><subfield code="h">110504</subfield></datafield></record></collection>